<?xml version="1.0" encoding="UTF-8"?><collection xmlns="http://www.loc.gov/MARC21/slim"><record><leader>00435nam--2200169-u-4500</leader><controlfield tag="001">000052378</controlfield><controlfield tag="002">20161230</controlfield><controlfield tag="005">20161230201050</controlfield><controlfield tag="008">100630s1000------------r-----000-0-rus-d</controlfield><datafield ind1=" " ind2=" " tag="040"><subfield code="a">IFIN-HH</subfield></datafield><datafield ind1=" " ind2=" " tag="041"><subfield code="a">rus</subfield></datafield><datafield ind1="1" ind2=" " tag="100"><subfield code="a">Paskovskogo, M.V</subfield></datafield><datafield ind1="1" ind2="0" tag="245"><subfield code="a">Vliianie strykturnih defektov na fiziceskie svoistva voliframatov</subfield></datafield><datafield ind1=" " ind2=" " tag="260"><subfield code="a">Livov</subfield><subfield code="b">Visa Skola</subfield><subfield code="c">1978</subfield></datafield><datafield ind1=" " ind2=" " tag="300"><subfield code="a">160 p</subfield></datafield><datafield ind1=" " ind2=" " tag="852"><subfield code="a">48620</subfield><subfield code="c">531</subfield></datafield><datafield ind1=" " ind2=" " tag="CAT"><subfield code="a">Sys</subfield><subfield code="c">20100630</subfield><subfield code="h">115417</subfield></datafield></record></collection>